
@article{qian2020,
	title = {Linear mixed models with endogenous covariates: modeling sequential treatment effects with application to a mobile health study},
	author = {Qian, Tianchen and Klasnja, Predrag and Murphy, Susan A.},
	year = {2020},
	date = {2020},
	journal = {Statistical science : a review journal of the Institute of Mathematical Statistics},
	pages = {375--390},
	volume = {35},
	number = {3},
	doi = {10.1214/19-sts720},
	url = {https://www.ncbi.nlm.nih.gov/pmc/articles/PMC7596885/},
	note = {PMID: 33132496
PMCID: PMC7596885}
}

@article{mcneish2017,
	title = {On the unnecessary ubiquity of hierarchical linear modeling},
	author = {McNeish, Daniel and Stapleton, Laura M. and Silverman, Rebecca D.},
	year = {2017},
	date = {2017},
	journal = {Psychological Methods},
	pages = {114--140},
	volume = {22},
	number = {1},
	doi = {10.1037/met0000078},
	note = {Place: US
Publisher: American Psychological Association}
}
