
@article{
  Zeger1988,
  title={Models for Longitudinal Data: A Generalized Estimating Equation Approach},
  volume={44},
  ISSN={0006-341X},
  url={https://www.jstor.org/stable/2531734},
  DOI={10.2307/2531734},
  number={4},
  journal={Biometrics},
  publisher={[Wiley,},
  author={Zeger, Scott L. and Liang, Kung-Yee and Albert, Paul S.},
  year={1988},
pages={1049â€“1060} }
