
@book{diggle2002,
	title = {Analysis of Longitudinal Data},
	author = {Diggle, Peter},
	year = {2002},
	month = {06},
	date = {2002-06-20},
	publisher = {OUP Oxford},
	note = {Google-Books-ID: JCwSDAAAQBAJ},
	langid = {en}
}

@book{diggle2002,
	title = {Analysis of Longitudinal Data},
	author = {Diggle, Peter},
	year = {2002},
	month = {06},
	date = {2002-06-20},
	publisher = {OUP Oxford},
	note = {Google-Books-ID: JCwSDAAAQBAJ},
	langid = {en}
}

@article{qian2020,
	title = {Linear mixed models with endogenous covariates: modeling sequential treatment effects with application to a mobile health study},
	author = {Qian, Tianchen and Klasnja, Predrag and Murphy, Susan A.},
	year = {2020},
	date = {2020},
	journal = {Statistical science : a review journal of the Institute of Mathematical Statistics},
	pages = {375--390},
	volume = {35},
	number = {3},
	doi = {10.1214/19-sts720},
	url = {https://www.ncbi.nlm.nih.gov/pmc/articles/PMC7596885/},
	note = {PMID: 33132496
PMCID: PMC7596885}
}

@article{pepe1994,
	title = {A cautionary note on inference for marginal regression models with longitudinal data and general correlated response data},
	author = {Pepe, Margaret Sullivan and Anderson, Garnet L},
	year = {1994},
	month = {01},
	date = {1994-01-01},
	journal = {Communications in Statistics - Simulation and Computation},
	pages = {939--951},
	volume = {23},
	number = {4},
	doi = {10.1080/03610919408813210},
	url = {https://doi.org/10.1080/03610919408813210},
	note = {Publisher: Taylor & Francis
{\_}eprint: https://doi.org/10.1080/03610919408813210}
}
